<?xml version="1.0" encoding="UTF-8"?><collection xmlns="http://www.loc.gov/MARC21/slim"><record><leader>00662nam--2200181-i-4500</leader><controlfield tag="001">000032682</controlfield><controlfield tag="002">20161230</controlfield><controlfield tag="005">20161230201039</controlfield><controlfield tag="008">060222s1000------------r-----000-0-eng-d</controlfield><datafield ind1=" " ind2=" " tag="040"><subfield code="a">IFIN-HH</subfield></datafield><datafield ind1=" " ind2=" " tag="080"><subfield code="a">533.6</subfield></datafield><datafield ind1="1" ind2=" " tag="100"><subfield code="a">Howarth, L</subfield></datafield><datafield ind1="1" ind2="0" tag="245"><subfield code="a">Modern developments in fluid dynamics. high speed flow. composed under the aegis of the fluid motion sub-comittee of the aeronautical research council and edited by l.howart with the assistance of h.b.squire and the laate c.n.h.lock</subfield><subfield code="c">L. Howart (Ed.)</subfield></datafield><datafield ind1=" " ind2=" " tag="260"><subfield code="a">/F.L./,/Retiparita In R.P.China/, 1956,</subfield></datafield><datafield ind1=" " ind2=" " tag="300"><subfield code="a">2 vol</subfield></datafield><datafield ind1=" " ind2=" " tag="787"><subfield code="a">Vol. 2</subfield><subfield code="h">400 p</subfield></datafield><datafield ind1=" " ind2=" " tag="852"><subfield code="a">5368</subfield><subfield code="c">533.6</subfield></datafield><datafield ind1=" " ind2=" " tag="CAT"><subfield code="a">Sys</subfield><subfield code="c">20100903</subfield><subfield code="h">110615</subfield></datafield></record></collection>